<record><leader>00000cas a22000007a 4500</leader><controlfield tag="001">10182381</controlfield><controlfield tag="008">831202d19191979ksudr ne      0   a0eng d</controlfield><datafield ind1=" " ind2=" " tag="010"><subfield code="a">sn 83040984 </subfield></datafield><datafield ind1=" " ind2=" " tag="040"><subfield code="a">KSH</subfield><subfield code="b">eng</subfield><subfield code="c">KSH</subfield><subfield code="d">NPT</subfield><subfield code="d">OCL</subfield><subfield code="d">OCLCQ</subfield></datafield><datafield ind1=" " ind2=" " tag="042"><subfield code="a">msc</subfield></datafield><datafield ind1=" " ind2=" " tag="043"><subfield code="a">n-us-ks</subfield></datafield><datafield ind1="0" ind2="0" tag="245"><subfield code="a">Concordia blade-empire.</subfield></datafield><datafield ind1=" " ind2=" " tag="260"><subfield code="a">Concordia, Kan. :</subfield><subfield code="b">Ray Green,</subfield><subfield code="c">1919-1979.</subfield></datafield><datafield ind1=" " ind2=" " tag="300"><subfield code="a">62 v. :</subfield><subfield code="b">ill. ;</subfield><subfield code="c">57 cm.</subfield></datafield><datafield ind1=" " ind2=" " tag="310"><subfield code="a">Daily (except Sun.)</subfield></datafield><datafield ind1="0" ind2=" " tag="362"><subfield code="a">Vol. 18, no. 17 (June 3, 1919)-v. 79, no. 2 (May 30, 1979).</subfield></datafield><datafield ind1=" " ind2=" " tag="752"><subfield code="a">United States</subfield><subfield code="b">Kansas</subfield><subfield code="c">Cloud</subfield><subfield code="d">Concordia.</subfield></datafield><datafield ind1="0" ind2="0" tag="780"><subfield code="t">Concordia daily blade (Concordia, Kan. : 1914)</subfield><subfield code="w">(DLC)sn 83040982</subfield><subfield code="w">(OCoLC)10226734</subfield></datafield><datafield ind1="0" ind2="0" tag="785"><subfield code="t">Blade-empire</subfield><subfield code="w">(DLC)sn 83040834</subfield><subfield code="w">(OCoLC)10224271</subfield></datafield></record>